timestamp,symbol,price,volume,exchange
2025-10-09 14:45:42.695,ETHBTC,0.03567,20417.4589,Binance
2025-10-09 14:45:42.695,LTCBTC,0.000959,14482.526,Binance
2025-10-09 14:45:42.695,BNBBTC,0.010435,56424.975,Binance
2025-10-09 14:45:42.695,BNBETH,0.2923,9191.681,Binance
2025-10-09 14:45:42.695,BTCUSDT,123491.02,15798.38316,Binance
2025-10-09 14:45:42.695,ETHUSDT,4405.23,502493.6392,Binance
2025-10-09 14:45:42.695,LINKBTC,0.000178,88668.49,Binance
2025-10-09 14:45:42.695,LINKETH,0.004993,56483.26,Binance
2025-10-09 14:45:42.695,XRPBTC,2.295e-05,2901943.6,Binance
2025-10-09 14:45:42.695,XRPETH,0.000643,511528.1,Binance
2025-10-09 14:45:42.695,BNBUSDT,1287.97,868648.783,Binance
2025-10-09 14:45:42.695,ADABTC,6.64e-06,2819366.2,Binance
2025-10-09 14:45:42.695,ADAETH,0.0001861,1388352.5,Binance
2025-10-09 14:45:42.695,XLMBTC,3.08e-06,691495.0,Binance
2025-10-09 14:45:42.695,XLMETH,8.638e-05,415588.0,Binance
2025-10-09 14:45:42.695,LTCETH,0.0269,2621.245,Binance
2025-10-09 14:45:42.695,LTCUSDT,118.38,473905.917,Binance
2025-10-09 14:45:42.695,LTCBNB,0.0919,739.608,Binance
2025-10-09 14:45:42.695,ADAUSDT,0.8199,119719713.2,Binance
2025-10-09 14:45:42.695,ADABNB,0.000638,262730.7,Binance
2025-10-09 14:45:42.695,XRPUSDT,2.8333,99255861.9,Binance
2025-10-09 14:45:42.695,BTCTUSD,123900.0,0.92525,Binance
2025-10-09 14:45:42.695,ETHTUSD,4405.08,28.9613,Binance
2025-10-09 14:45:42.695,XRPBNB,0.0022031,436571.8,Binance
2025-10-09 14:45:42.695,TUSDUSDT,0.9983,444366.0,Binance
2025-10-09 14:45:42.695,XLMUSDT,0.3806,57425977.0,Binance
2025-10-09 14:45:42.695,VETBTC,1.8e-07,3032002.0,Binance
2025-10-09 14:45:42.695,VETETH,5.07e-06,202436.0,Binance
2025-10-09 14:45:42.695,VETUSDT,0.02228,245586592.1,Binance
2025-10-09 14:45:42.695,VETBNB,1.733e-05,1087167.0,Binance
2025-10-09 14:45:42.695,BNBTUSD,1289.94,38.464,Binance
2025-10-09 14:45:42.695,XRPTUSD,2.8418,8122.3,Binance
2025-10-09 14:45:42.695,BNBUSDC,1288.86,348344.24,Binance
2025-10-09 14:45:42.695,BTCUSDC,123550.19,3946.83191,Binance
2025-10-09 14:45:42.695,ETHUSDC,4407.71,153595.471,Binance
2025-10-09 14:45:42.695,XRPUSDC,2.8348,215956202.5,Binance
2025-10-09 14:45:42.695,XLMUSDC,0.3809,17961727.0,Binance
2025-10-09 14:45:42.695,USDCUSDT,0.9994,2193880572.0,Binance
2025-10-09 14:45:42.695,LINKUSDT,21.99,2893418.97,Binance
2025-10-09 14:45:42.695,LINKUSDC,22.0,3275415.56,Binance
2025-10-09 14:45:42.695,LTCUSDC,118.43,102811.805,Binance
2025-10-09 14:45:42.695,ADAUSDC,0.8204,85825114.1,Binance
2025-10-09 14:45:42.695,ATOMBTC,3.29e-05,20573.26,Binance
2025-10-09 14:45:42.695,ATOMUSDT,4.067,1769538.65,Binance
2025-10-09 14:45:42.695,ATOMUSDC,4.068,368858.16,Binance
2025-10-09 14:45:42.695,DOGEBTC,2.02e-06,18065662.0,Binance
2025-10-09 14:45:42.695,DOGEUSDT,0.24997,1507481153.0,Binance
2025-10-09 14:45:42.695,DOGEUSDC,0.25013,179615969.0,Binance
2025-10-09 14:45:42.695,XTZBTC,5.47e-06,133633.5,Binance
2025-10-09 14:45:42.695,XTZUSDT,0.6761,1878062.4,Binance
2025-10-09 14:45:42.695,BCHBNB,0.4516,266.001,Binance
2025-10-09 14:45:42.695,BCHBTC,0.004694,829.786,Binance
2025-10-09 14:45:42.695,BCHUSDT,579.9,14455.735,Binance
2025-10-09 14:45:42.695,BCHUSDC,580.2,3171.603,Binance
2025-10-09 14:45:42.696,SOLBNB,0.1752,34801.012,Binance
2025-10-09 14:45:42.696,SOLBTC,0.001828,140571.319,Binance
2025-10-09 14:45:42.696,SOLUSDT,225.71,3338510.378,Binance
2025-10-09 14:45:42.696,DOTBNB,0.00317,13603.64,Binance
2025-10-09 14:45:42.696,DOTBTC,3.3e-05,115459.64,Binance
2025-10-09 14:45:42.696,DOTUSDT,4.074,7740949.51,Binance
2025-10-09 14:45:42.696,UNIBTC,6.38e-05,18264.38,Binance
2025-10-09 14:45:42.696,UNIUSDT,7.888,3527086.13,Binance
2025-10-09 14:45:42.696,AVAXBNB,0.02231,4765.52,Binance
2025-10-09 14:45:42.696,AVAXBTC,0.0002319,47594.44,Binance
2025-10-09 14:45:42.696,AVAXUSDT,28.65,2440861.66,Binance
2025-10-09 14:45:42.696,FILBTC,1.85e-05,62972.1,Binance
2025-10-09 14:45:42.696,FILUSDT,2.293,7697850.42,Binance
2025-10-09 14:45:42.696,SHIBUSDT,1.212e-05,920917099648.0,Binance
2025-10-09 14:45:42.697,SOLUSDC,225.84,732827.876,Binance
2025-10-09 14:45:42.697,SOLETH,0.05124,32992.64,Binance
2025-10-09 14:45:42.697,SHIBDOGE,4.85e-05,3134627915.0,Binance
2025-10-09 14:45:42.697,DOTETH,0.000925,32821.94,Binance
2025-10-09 14:45:42.697,AVAXETH,0.00651,6221.27,Binance
2025-10-09 14:45:42.697,LINKBNB,0.01708,17108.251,Binance
2025-10-09 14:45:42.697,ATOMETH,0.000922,1642.019,Binance
2025-10-09 14:45:42.697,UNIETH,0.001792,84170.929,Binance
2025-10-09 14:45:42.697,FILETH,0.000521,19696.2,Binance
2025-10-09 14:45:42.697,SOLTUSD,226.4,202.004,Binance
2025-10-09 14:45:42.697,DOGETUSD,0.25028,1265.0,Binance
2025-10-09 14:45:42.697,AVAXUSDC,28.66,617237.11,Binance
2025-10-09 14:45:42.697,DOTUSDC,4.077,1019964.58,Binance
2025-10-09 14:45:42.697,FILUSDC,2.292,698324.33,Binance
2025-10-09 14:45:42.697,UNIUSDC,7.898,260296.87,Binance
2025-10-09 14:45:42.697,SHIBUSDC,1.213e-05,220944102174.0,Binance
2025-10-09 14:45:42.698,XTZUSDC,0.6756,308740.1,Binance
2025-10-09 14:45:42.698,VETUSDC,0.02232,17287470.0,Binance
